<record><leader>00000cas a22000007a 4500</leader><controlfield tag="001">18132080</controlfield><controlfield tag="008">880624c19319999txuwr ne      0   a0eng d</controlfield><datafield ind1=" " ind2=" " tag="010"><subfield code="a">sn 88083803 </subfield></datafield><datafield ind1=" " ind2=" " tag="040"><subfield code="a">PPM</subfield><subfield code="b">eng</subfield><subfield code="c">PPM</subfield><subfield code="d">NSD</subfield><subfield code="d">OCLCQ</subfield></datafield><datafield ind1=" " ind2=" " tag="012"><subfield code="j">0</subfield><subfield code="m">1</subfield></datafield><datafield ind1="1" ind2=" " tag="022"><subfield code="a">1042-2609</subfield><subfield code="l">1042-2609</subfield><subfield code="2">1</subfield></datafield><datafield ind1=" " ind2=" " tag="032"><subfield code="a">416080</subfield><subfield code="b">USPS</subfield></datafield><datafield ind1=" " ind2=" " tag="037"><subfield code="b">The Overton Press, 120 E. Henderson, Overton, TX 75684</subfield></datafield><datafield ind1=" " ind2=" " tag="042"><subfield code="a">msc</subfield><subfield code="a">nsdp</subfield></datafield><datafield ind1=" " ind2="4" tag="222"><subfield code="a">The Overton press</subfield></datafield><datafield ind1="0" ind2="4" tag="245"><subfield code="a">The Overton press.</subfield></datafield><datafield ind1=" " ind2=" " tag="260"><subfield code="a">Overton, Tex. :</subfield><subfield code="b">Tom E. Foster</subfield></datafield><datafield ind1=" " ind2=" " tag="300"><subfield code="a">v.</subfield></datafield><datafield ind1=" " ind2=" " tag="310"><subfield code="a">Weekly</subfield></datafield><datafield ind1="1" ind2=" " tag="362"><subfield code="a">Began Feb. 4, 1931?</subfield></datafield><datafield ind1=" " ind2=" " tag="500"><subfield code="a">Vols. for &lt;Dec. 14, 1988-&gt; published by Texas Independent Newspapers.</subfield></datafield><datafield ind1=" " ind2=" " tag="588"><subfield code="a">Description based on: Vol. 1, no. 3 (Feb. 18, 1931).</subfield></datafield><datafield ind1=" " ind2=" " tag="588"><subfield code="a">Latest issue consulted: Vol. 58, no. 48 (Dec. 14, 1988).</subfield></datafield><datafield ind1=" " ind2=" " tag="752"><subfield code="a">United States</subfield><subfield code="b">Texas</subfield><subfield code="c">Rusk</subfield><subfield code="d">Overton.</subfield></datafield></record>